%% This BibTeX bibliography file was created using BibDesk.
%% http://bibdesk.sourceforge.net/


%% Created for Manuel Soler Arnedo at 2015-08-31 15:50:12 +0200 


%% Saved with string encoding Unicode (UTF-8) 



@inproceedings{bortoff2000path,
	Author = {Bortoff, Scott and others},
	Booktitle = {American Control Conference, 2000. Proceedings of the 2000},
	Date-Added = {2015-08-31 13:46:32 +0000},
	Date-Modified = {2015-08-31 13:46:32 +0000},
	Number = {6},
	Organization = {IEEE},
	Pages = {364--368},
	Title = {Path planning for UAVs},
	Volume = {1},
	Year = {2000}}

@book{bangjensenandgutin:2000:dtaaa,
	Author = {J. Bang-Jensen and G. Gutin},
	Date-Added = {2008-06-18 13:23:37 +0200},
	Date-Modified = {2008-06-18 13:24:47 +0200},
	Publisher = {Springer-Verlag},
	Title = {Digraphs: Theory, Algorithms and Applications},
	Year = {2000}}

@book{rosenetal:1999:hodacm,
	Date-Added = {2008-06-18 13:15:48 +0200},
	Date-Modified = {2008-06-18 13:22:23 +0200},
	Editor = {K. H. Rosen},
	Publisher = {CRC Press},
	Title = {Handbook of Discrete and Combinatorial Mathematics},
	Year = {2000}}

@article{mckay:1981:pgi,
	Author = {Brendan D. McKay},
	Date-Added = {2008-06-18 13:10:52 +0200},
	Date-Modified = {2008-06-18 13:12:11 +0200},
	Journal = {Congressus Numerantium},
	Pages = {45-87},
	Title = {Practical Graph Isomorphism},
	Volume = {30},
	Year = {1981}}
