@thesis{arteta2015,
author = "Maite Arteta Fern\'andez",
title = "Assembly, modeling, simulation and control of a quadcopter for application to solar farm inspection",
type = "BSc Thesis",
institution = "Universidad Carlos III de Madrid",
date = "2015-09",
address = "Legan\'es, Madrid",
}

@thesis{vegaastorga2016,
author = "Rub\'en Vega Astorga",
title = "Simulation of an Unmanned Aerial Vehicle",
type = "BSc Thesis",
institution = "Universidad Carlos III de Madrid",
date = "2016-06",
address = "Legan\'es, Madrid",
}

@manual{manualonremotelypilotedaircraftsystemsrpas2015,
author = "ICAO",
editor = "ICAO",
title = "Manual on remotely piloted aircraft systems (RPAS)",
year = "2015",
edition = "1",
organization = "International Civil Aviation Organization",
location = "Montréal, Canada",
}

@legislation{ley182014de15deoctubredeaprobaciondemedidasurgentesparaelcrecimientolacompetitividadylaeficiencia2014,
author = "AESA",
title = "Ley 18/2014, de 15 de octubre, de aprobacion de medidas urgentes para el crecimiento, la competitividad y la eficiencia",
date = "2014-10-15",
organization = "AESA",
howpublised = "BOE-A-2014-10517",
note = "Art. 50, Sec. 3",
}

@legislation{regulationecno21620082008,
author = "EASA",
title = "Regulation (EC) No 216/2008",
url = "http://eur-lex.europa.eu/LexUriServ/LexUriServ.do?uri=OJ:L:2008:079:0001:0049:EN:PDF",
date = "2008-02-20",
organization = "EASA",
note = "Annex II, p. 79/33",
}

@legislation{disposicin16097deboenm274de20112011,
author = "Gobierno de España",
title = "Disposici\' on 16097 de BOE n\' um. 274 de 2011",
url = "http://www.boe.es/boe/dias/2011/10/13/pdfs/BOE-A-2011-16097.pdf",
urldate = "2016-08-02",
date = "2011-10-13",
organization = "Ministerio de la Presidencia",
howpublished = "BOE-A-2011-16097",
note = "Art. 23 \& 33",
}

@online{uasapplications2016,
author = "Unmanned aerial vehicle systems association applications",
title = "UAS Applications",
url = "http://www.uavs.org/applications",
urldate = "2016-08-01",
year = "2016",
}

@online{daily2015,
author = "Jim Daily",
organization = "GE Digital",
title = "Dull, dirty, dangerous - it's robot work",
url = "https://www.ge.com/digital/blog/dull-dirty-dangerous-its-robot-work",
urldate = "2016-08-01",
date = "2015-02-19",
}

@online{dronecode2016,
title = "Dronecode",
url = "https://www.dronecode.org/",
urldate = "2016-08-03",
date = "2016-04-28",
}

@online{whatissystemsengineering,
author = "INCOSE",
title = "What is systems engineering?",
url = "http://www.incose.org/AboutSE/WhatIsSE",
urldate = "2016-08-02",
}

@unpublished{aguado2016,
author = "Gemma Aguado and {\' A}lvaro Melgosa and Alberto de Miguel and {\' A}lvaro Ordax and Jes{\' u}s Perales and Jorge Luis S{\' a}ez and Lara Cristina S{\' a}nchez",
title = "UAV application in Search \& Rescue at sea",
date = "2016-05",
location = "UC3M",
}

@inproceedings{sasiadek2000,
author = "J.Z. Sasiadek and Q. Wang and M.B. Zeremba",
booktitle = "Intelligent Control, 2000. Proceedings of the 2000 IEEE International Symposium",
title = "Fuzzy adaptive Kalman filtering for INS/GPS data fusion",
url = "http://ieeexplore.ieee.org/document/882920",
urldate = "2016-08-27",
year = "2000",
pages="181-186", 
}

@book{nationalaeronauticsandspaceadministration2007,
author = "National Aeronautics and Space Administration",
edition = "1",
isbn = "9780160797477",
publisher = "US National Aeronautics and Space Admin",
address = "Washington",
title = "NASA systems engineering handbook",
date = "2007-12",
chapter = "4",
}

@book{ogata2010,
author = "Katsuhiko Ogata",
edition = "5",
publisher = "Prentice Hall",
title = "Modern Control Engineering",
date = "2010",
chapter = "8",
isbn = "9780136156734",
}

@book{ballard1982,
author = "Dana H. Ballard and Christopher M. Brown",
publisher = "Prentice Hall",
address = "New Jersey",
title = "Computer vision",
year = "1982",
address = "University of Rochester",
chapter = "2.2",
}

@book{tooley2009,
author = "Mike Tooley and David Wyatt",
edition = "1",
editor = "Elsevier",
isbn = "9781856175760",
publisher = "Butterworth-Heinemann",
address = "United Kingdom",
title = "Aerospace engineering e-mega reference",
date = "2009-03-02",
}

@book{valavanis2015,
author = "Kimon P. Valavanis and George J. Vachtsevanos",
publisher = "Springer Reference",
address = "New York",
title = "Handbook of Unmanned Aerial Vehicles",
date = "2015",
chapter = "75",
pages = "1817-1841",
}

@book{faulconbridge2003,
author = "R. Ian Faulconbridge and Michael J. Ryan",
publisher = "Artech House",
address = "Norwood, MA, USA",
title = "Managing Complex Technical Projects: A Systems Engineering Approach",
date = 2003,
chapter = "4.3.2",
pages = "100-103",
}

@inbook{otto1991,
author = "Kevin N. Otto and Erik K. Antonsson",
title = "Trade-off Strategies in Engineering Design",
date = 1991,
chapter = "2",
pages = "87-104",
maintitle = "Research in Engineering Design",
volume = "3",
number = "2",
}

@booklet{incoseuk2016,
author = "INCOSE UK",
number = "Z3",
title = "Why invest in Systems Engineering",
date = "2016-07",
edition = "4",
url = "http://incoseonline.org.uk/Documents/zGuides/Z3_Why_invest_in_SE.pdf",
urldate = "2016-09-14",
}

@techreport{wisniewski2016,
author = "Adam Wisniewski and Michal Mazur",
publisher = "Drone Powered Solutions",
title = "Clarity from above PwC global report on the commercial applications of drone technology",
url = "http://www.pwc.pl/pl/pdf/clarity-from-above-pwc.pdf",
urldate = "2016-08-01",
year = "2016",
month = "05",
}

@techreport{unmannedaircraftsystemsperceptionsandpotentials2013,
author = "Aerospace Industries Association",
address = "Arlington",
title = "Unmanned Aircraft Systems: Perceptions and Potentials",
url = "http://www.aia-aerospace.org/assets/AIA\_UAS\_Report\_small.pdf",
urldate = "2016",
year = "2013",
month = "05",
day = "10",
}

@techreport{civilianunmannedaerialvehiclesreadyfortakeoff2012,
author = "Bloomberg Government",
title = "Civilian Unmanned Aerial Vehicles Ready For Takeoff",
year = "2012",
month = "04",
day = "26",
}

@techreport{droneindustryinsights2016,
author = "Drone Industry Insights",
address = "Hamburg, Germany",
title = "TOP20 Drone Company Ranking Q2 2016",
url = "http://www.droneii.com/project/drone-company-ranking-q2-2016",
urldate = "2016",
year = "2016",
month = "06",
}

@techreport{assistantsecretaryofdefenseforresearchandengineering2011,
author = " Assistant Secretary of Defense for Research and Engineering",
publisher = "USA Department of Defence",
address = "USA",
title = "Technology Readiness Assessment (TRA) Guidance",
date = "2011-04",
pages = "2-13 and 2-14",
}

@patent{hulsmeyer1904,
author = "Christian Hulsmeyer",
title = "Verfahren, um entfrente metallische  Gegenst{\" a}nde mittels elektrischer Wellen einem Beobachter zu meiden",
url = "https://commons.wikimedia.org/wiki/File:DE165546.pdf",
urldate = "2016-08-05",
year = "1904",
month = "04",
day = "30",
}

@article{asselin1972,
author = "Richard Asselin",
journal = "Monthly Weather Review",
pages = "487-490",
title = "Frequency Filter for Time Integrations",
year = "1972",
month = "06",
}

@misc{krolik2005,
author = "Jeffrey Krolik",
title = "Radar and Sonar Signal Processing: Similarities and Differences",
url = "http://people.ee.duke.edu/~jk/SAM%20Group_files/radarsonarcompare.pdf",
urldate = "2016-08-06",
year = "2005",
month = "05",
}

@misc{beasley2015,
author = "Richard Beasley",
address = "University of Bristol",
title = "Systems Engineering - What and why?",
year = "2015",
month = "02",
day = "12",
note = "Magistral lecture"
}

@misc{bergqvist2014,
author = "Pia Bergqvist",
publisher = "Flying Magazine",
title = "Drone Jobs: What It Takes to Fly a UAV",
url = "http://www.flyingmag.com/aircraft/drone-jobs-what-it-takes-fly-uav",
urldate = "2016-08-02",
year = "2014",
month = "06",
day = "16",
}

@misc{airbusdemonstratesaircraftinspectionbydroneatfarnborough2016,
author = "Airbus",
publisher = "Airbus",
title = "Airbus demonstrates aircraft inspection by drone at Farnborough",
url = "http://www.airbus.com/presscentre/pressreleases/press-release-detail/detail/airbus-demonstrates-aircraft-inspection-by-drone-at-farnborough-innovation-and-digitalisation-for-production-ramp-up/",
urldate = "2016-08-01",
year = "2016",
month = "07",
day = "13",
}

